<?xml version="1.0" encoding="UTF-8"?>
<collection xmlns:xsi="http://www.w3.org/2001/XMLSchema-instance" xsi:schemaLocation="http://www.loc.gov/MARC21/slim http://www.loc.gov/standards/marcxml/schema/MARC21slim.xsd" xmlns="http://www.loc.gov/MARC21/slim">
<record>
  <leader>00748cam a22002291  4500</leader>
  <controlfield tag="001">3072126</controlfield>
  <controlfield tag="003">NNC</controlfield>
  <controlfield tag="005">20130426015443.0</controlfield>
  <controlfield tag="008">870723s1937    ua ah    b    000 0 arard</controlfield>
  <datafield tag="035" ind1=" " ind2=" ">
    <subfield code="a">(OCoLC)ocm16269189</subfield>
  </datafield>
  <datafield tag="035" ind1=" " ind2=" ">
    <subfield code="9">ATP5157CU</subfield>
  </datafield>
  <datafield tag="035" ind1=" " ind2=" ">
    <subfield code="a">(NNC)3072126</subfield>
  </datafield>
  <datafield tag="040" ind1=" " ind2=" ">
    <subfield code="a">WAU</subfield>
    <subfield code="c">WAU</subfield>
    <subfield code="d">ZCU</subfield>
  </datafield>
  <datafield tag="099" ind1=" " ind2=" ">
    <subfield code="a">893.717</subfield>
    <subfield code="a">En11</subfield>
  </datafield>
  <datafield tag="100" ind1="1" ind2=" ">
    <subfield code="a">ʻInān, Muḥammad ʻAbd Allāh,</subfield>
    <subfield code="d">1896-</subfield>
  </datafield>
  <datafield tag="245" ind1="1" ind2="3">
    <subfield code="a">al-Ḥākim bi-Amr Allāh wa-asrār al-daʻwah al-Fāṭimīyah.</subfield>
  </datafield>
  <datafield tag="260" ind1=" " ind2=" ">
    <subfield code="a">al-Qāhirah,</subfield>
    <subfield code="b">Dār al-Nashr al-Ḥadīth, [al-muqaddimah</subfield>
    <subfield code="c">1937]</subfield>
  </datafield>
  <datafield tag="300" ind1=" " ind2=" ">
    <subfield code="a">277 p.</subfield>
    <subfield code="b">illus., facsims.</subfield>
  </datafield>
  <datafield tag="504" ind1=" " ind2=" ">
    <subfield code="a">Bibliography: p. [267]-269.</subfield>
  </datafield>
  <datafield tag="600" ind1="0" ind2="0">
    <subfield code="a">Ḥākim bi-Amr Allāh,</subfield>
    <subfield code="c">Caliph of Egypt,</subfield>
    <subfield code="d">985-approximately 1021.</subfield>
  </datafield>
  <datafield tag="650" ind1=" " ind2="0">
    <subfield code="a">Fatimites.</subfield>
  </datafield>
  <datafield tag="955" ind1=" " ind2=" ">
    <subfield code="b">CU58876197</subfield>
    <subfield code="d">off,glx</subfield>
    <subfield code="e">893.717 En11</subfield>
  </datafield>
</record>
</collection>